@article{gelman2002,
  ISSN = {00031305},
  URL = {http://www.jstor.org/stable/3087382},
  author = {Gelman, Andrew and Pasarica, Cristian and Dodhia, Rahul},
  journal = {The American Statistician},
  number = {2},
  pages = {121--130},
  publisher = {American Statistical Association, Taylor & Francis, Ltd.},
  title = {Let's Practice What We Preach: Turning Tables into Graphs},
  volume = {56},
  year = {2002}
}

@article{grolemund2011,
   author = {Grolemund, Garrett and Wickham, Hadley},
   title = {Dates and Times Made Easy with lubridate},
   journal = {Journal of Statistical Software, Articles},
   volume = {40},
   number = {3},
   year = {2011},
   issn = {1548-7660},
   pages = {1--25},
   doi = {10.18637/jss.v040.i03},
   url = {https://www.jstatsoft.org/v040/i03}
}




@article{white2013,
 title = {Nine simple ways to make it easier to (re)use your data},
 author = {White, Ethan P. and Baldridge, Elita and Brym, Zachary T. and Locey, Kenneth J. and McGlinn, Daniel J. and Supp, Sarah R.},
 year = 2013,
 month = jul,
 volume = 1,
 pages = {e7v2},
 journal = {PeerJ PrePrints},
 issn = {2167-9843},
 url = {https://doi.org/10.7287/peerj.preprints.7v2},
 doi = {10.7287/peerj.preprints.7v2}
}


@article{wickham2010,
  author = {Wickham, Hadley},
  doi = {10.1198/jcgs.2009.07098},
  journal = {Journal of Computational and Graphical Statistics},
  number = {1},
  pages = {3â€“28},
  title = {A layered grammar of graphics},
  volume = {19},
  year = {2010},
  bdsk-url-1 = {http://dx.doi.org/10.1198/jcgs.2009.07098},
}

@article{wickham2011a,
   author = {Wickham, Hadley},
   title = {The Split-Apply-Combine Strategy for Data Analysis},
   journal = {Journal of Statistical Software, Articles},
   volume = {40},
   number = {1},
   year = {2011},
   issn = {1548-7660},
   pages = {1--29},
   doi = {10.18637/jss.v040.i01},
   url = {https://www.jstatsoft.org/v040/i01}
}

@article{wickham2011b,
  title={testthat: Get started with testing},
  author={Wickham, Hadley},
  journal={The R Journal},
  volume={3},
  number={1},
  pages={5--10},
  year={2011}
}

@article{wickham2014,
   author = {Hadley  Wickham},
   title = {Tidy Data},
   journal = {Journal of Statistical Software, Articles},
   volume = {59},
   number = {10},
   year = {2014},
   issn = {1548-7660},
   pages = {1--23},
   doi = {10.18637/jss.v059.i10},
   url = {https://www.jstatsoft.org/v059/i10}
}


@book{davison_hinkley1997, 
 title={Bootstrap Methods and their Application}, 
 DOI={10.1017/CBO9780511802843}, 
 publisher={Cambridge University Press}, 
 author={Davison, A. C. and Hinkley, D. V.}, 
 year={1997}
 }


@book{dikta_scheer2021,
author="Dikta, Gerhard
and Scheer, Marsel",
title="Bootstrap Methods: With Applications in R",
year="2021",
publisher="Springer International Publishing",
doi="10.1007/978-3-030-73480-0_1",
}

@book{ismay_kim2019,
  author={Ismay, Chester and Kim, Albert Y.},
  year = {2019},
  title={Statistical Inference via Data Science: A ModernDive into R and the Tidyverse},
  publisher={Chapman and Hall/CRC},
  doi={10.1201/9780367409913},
  url={https://moderndive.com/index.html}
}





@book{wickham2009,
  title={ggplot2: Elegant Graphics for Data Analysis},
  author={Wickham, Hadley},
  isbn={9780387981413},
  lccn={2009928510},
  series={Use R!},
  url={https://books.google.com/books?id=bes-AAAAQBAJ},
  year={2009},
  publisher={Springer New York}
}


@book{wickham2015a,
  title={Advanced R},
  author={Wickham, Hadley},
  isbn={9781498759809},
  series={Chapman \& Hall/CRC The R Series},
  url={https://books.google.com/books?id=FfsYCwAAQBAJ},
  year={2015},
  publisher={CRC Press}
}

@book{wickham2015b,
  title={R Packages: Organize, Test, Document, and Share Your Code},
  author={Wickham, Hadley},
  isbn={9781491910542},
  lccn={2015472811},
  url={https://books.google.com/books?id=eqOxBwAAQBAJ},
  year={2015},
  publisher={O'Reilly Media}
}

@book{wickham2016,
  title={R for Data Science: Import, Tidy, Transform, Visualize, and Model Data},
  author={Wickham, Hadley and Grolemund, Garrett},
  isbn={9781491910368},
  lccn={2017300238},
  url={https://books.google.com/books?id=vfi3DQAAQBAJ},
  year={2016},
  publisher={O'Reilly Media}
}


@book{wickham2019,
  title={Advanced R},
  author={Wickham, Hadley},
  isbn={9780815384571},
  series={Chapman \& Hall/CRC The R Series},
  url={https://books.google.com/books?id=FfsYCwAAQBAJ},
  year={2019},
  edition = {2nd},
  publisher={CRC Press}
}


@book{wickham-unpub,
  title={R Packages},
  author={Wickham, Hadley and Bryan, Jenny},
  url={https://r-pkgs.org},
  edition = {2nd},
  pubstate={in progress}
}

@book{xie2015,
  title = {Dynamic Documents with {R} and knitr},
  author = {Yihui Xie},
  publisher = {Chapman and Hall/CRC},
  address = {Boca Raton, Florida},
  year = {2015},
  edition = {2nd},
  note = {ISBN 978-1498716963},
  url = {http://yihui.name/knitr/},
}



